<record><leader>00000cas a22000007a 4500</leader><controlfield tag="001">17632984</controlfield><controlfield tag="008">880315c19429999iauwr ne      0    0eng d</controlfield><datafield ind1=" " ind2=" " tag="010"><subfield code="a">sn 88059334 </subfield></datafield><datafield ind1=" " ind2=" " tag="040"><subfield code="a">INP</subfield><subfield code="b">eng</subfield><subfield code="c">INP</subfield><subfield code="d">OCLCQ</subfield></datafield><datafield ind1=" " ind2=" " tag="042"><subfield code="a">msc</subfield></datafield><datafield ind1="0" ind2=" " tag="130"><subfield code="a">Elgin echo (Elgin, Iowa : 1942)</subfield></datafield><datafield ind1="1" ind2="4" tag="245"><subfield code="a">The Elgin echo.</subfield></datafield><datafield ind1=" " ind2=" " tag="260"><subfield code="a">Elgin, Fayette County, Iowa :</subfield><subfield code="b">R.P. Strauch,</subfield><subfield code="c">1942-</subfield></datafield><datafield ind1=" " ind2=" " tag="300"><subfield code="a">v.</subfield></datafield><datafield ind1=" " ind2=" " tag="310"><subfield code="a">Weekly</subfield></datafield><datafield ind1="0" ind2=" " tag="362"><subfield code="a">51st year, no. 49 (Aug. 6, 1942)-</subfield></datafield><datafield ind1=" " ind2=" " tag="500"><subfield code="a">Publisher varies.</subfield></datafield><datafield ind1=" " ind2=" " tag="500"><subfield code="a">Includes weekly sections called: The Clermont enterprise, Aug. 1942-Mar. 7, 1946; the Clermont department, Mar. 14, 1946-Apr. 17, 1947; the Clermont enterprise section, Apr. 24, 1947-&lt;July 1980&gt;.</subfield></datafield><datafield ind1=" " ind2=" " tag="752"><subfield code="a">United States</subfield><subfield code="b">Iowa</subfield><subfield code="c">Fayette</subfield><subfield code="d">Elgin.</subfield></datafield><datafield ind1=" " ind2=" " tag="752"><subfield code="a">United States</subfield><subfield code="b">Iowa</subfield><subfield code="c">Fayette</subfield><subfield code="d">Clermont.</subfield></datafield><datafield ind1="0" ind2="0" tag="780"><subfield code="t">Elgin echo with the Clermont enterprise and Wadena news</subfield><subfield code="w">(DLC)sn 88059333</subfield></datafield><datafield ind1="1" ind2=" " tag="787"><subfield code="t">Clermont department</subfield></datafield><datafield ind1="1" ind2=" " tag="787"><subfield code="t">Clermont enterprise section</subfield></datafield><datafield ind1="1" ind2=" " tag="787"><subfield code="t">Clermont enterprise</subfield></datafield></record>